@article{engle1982arch,
  title={Autoregressive Conditional Heteroskedasticity with Estimates of the Variance of United Kingdom Inflation},
  author={Engle, Robert},
  journal={Econometrica},
  year={1982}
}

@article{bollerslev1986garch,
  title={Generalized Autoregressive Conditional Heteroskedasticity},
  author={Bollerslev, Tim},
  journal={Journal of Econometrics},
  year={1986}
}

@article{nelson1991egarch,
  title={Conditional Heteroskedasticity in Asset Returns: A New Approach},
  author={Nelson, Daniel},
  journal={Econometrica},
  year={1991}
}

@article{gjr1993,
  title={On the Relation Between the Expected Value and the Volatility of the Nominal Excess Return on Stocks},
  author={Glosten, Lawrence and Jagannathan, Ravi and Runkle, David},
  journal={Journal of Finance},
  year={1993}
}

@article{hamilton1989ms,
  title={A New Approach to the Economic Analysis of Nonstationary Time Series and the Business Cycle},
  author={Hamilton, James},
  journal={Econometrica},
  year={1989}
}
